<?xml version="1.0" encoding="UTF-8"?>
<collection xmlns:xsi="http://www.w3.org/2001/XMLSchema-instance" xsi:schemaLocation="http://www.loc.gov/MARC21/slim http://www.loc.gov/standards/marcxml/schema/MARC21slim.xsd" xmlns="http://www.loc.gov/MARC21/slim">
<record>
  <leader>01649cam a2200361Ii 4500</leader>
  <controlfield tag="001">2983748</controlfield>
  <controlfield tag="003">NNC</controlfield>
  <controlfield tag="005">20151019143148.0</controlfield>
  <controlfield tag="008">010226s1951    ir c     d    000 0 ara d</controlfield>
  <datafield tag="035" ind1=" " ind2=" ">
    <subfield code="9">ASN0935CU</subfield>
  </datafield>
  <datafield tag="035" ind1=" " ind2=" ">
    <subfield code="a">(OCoLC)ocn871005625</subfield>
  </datafield>
  <datafield tag="035" ind1=" " ind2=" ">
    <subfield code="a">(OCoLC)871005625</subfield>
  </datafield>
  <datafield tag="035" ind1=" " ind2=" ">
    <subfield code="a">(NNC)2983748</subfield>
  </datafield>
  <datafield tag="040" ind1=" " ind2=" ">
    <subfield code="a">STF</subfield>
    <subfield code="b">eng</subfield>
    <subfield code="e">rda</subfield>
    <subfield code="c">STF</subfield>
    <subfield code="d">OCLCO</subfield>
    <subfield code="d">OCLCF</subfield>
  </datafield>
  <datafield tag="041" ind1="0" ind2=" ">
    <subfield code="a">ara</subfield>
    <subfield code="a">per</subfield>
  </datafield>
  <datafield tag="050" ind1="0" ind2="0">
    <subfield code="a">PJ6636.P4</subfield>
    <subfield code="b">F27 1951</subfield>
  </datafield>
  <datafield tag="245" ind1="0" ind2="0">
    <subfield code="6">880-01</subfield>
    <subfield code="a">Farhang-i ʻArabī bi-Fārsī :</subfield>
    <subfield code="b">mulakhkhaṣ az al-Munjid va Muntahá al-arab : yā Farhang-i jībī-i Khalīlī /</subfield>
    <subfield code="c">gardāvrandah Muḥammad ʻAlī Khalīlī.</subfield>
  </datafield>
  <datafield tag="246" ind1="3" ind2=" ">
    <subfield code="6">880-02</subfield>
    <subfield code="a">Farhang-i jībī-i Khalīlī</subfield>
  </datafield>
  <datafield tag="264" ind1=" " ind2="1">
    <subfield code="6">880-03</subfield>
    <subfield code="a">Ṭihrān :</subfield>
    <subfield code="b">Kitābfurūshī va Chāpkhānah-i ʻAlī Akbar ʻIlmī,</subfield>
    <subfield code="c">[1951?]</subfield>
  </datafield>
  <datafield tag="300" ind1=" " ind2=" ">
    <subfield code="a">14, 988 pages ;</subfield>
    <subfield code="b">kportrait ;</subfield>
    <subfield code="c">18 cm</subfield>
  </datafield>
  <datafield tag="336" ind1=" " ind2=" ">
    <subfield code="a">text</subfield>
    <subfield code="b">txt</subfield>
    <subfield code="2">rdacontent</subfield>
  </datafield>
  <datafield tag="337" ind1=" " ind2=" ">
    <subfield code="a">unmediated</subfield>
    <subfield code="b">n</subfield>
    <subfield code="2">rdamedia</subfield>
  </datafield>
  <datafield tag="338" ind1=" " ind2=" ">
    <subfield code="a">volume</subfield>
    <subfield code="b">nc</subfield>
    <subfield code="2">rdacarrier</subfield>
  </datafield>
  <datafield tag="546" ind1=" " ind2=" ">
    <subfield code="a">In Arabic and Persian.</subfield>
  </datafield>
  <datafield tag="650" ind1=" " ind2="0">
    <subfield code="a">Arabic language</subfield>
    <subfield code="v">Dictionaries</subfield>
    <subfield code="x">Persian.</subfield>
  </datafield>
  <datafield tag="650" ind1=" " ind2="7">
    <subfield code="a">Arabic language.</subfield>
    <subfield code="2">fast</subfield>
    <subfield code="0">(OCoLC)fst00812287</subfield>
  </datafield>
  <datafield tag="655" ind1=" " ind2="7">
    <subfield code="a">Dictionaries.</subfield>
    <subfield code="2">fast</subfield>
    <subfield code="0">(OCoLC)fst01423826</subfield>
  </datafield>
  <datafield tag="700" ind1="1" ind2=" ">
    <subfield code="6">880-04</subfield>
    <subfield code="a">Khalīlī, Muḥammad ʻAlī,</subfield>
    <subfield code="e">compiler.</subfield>
  </datafield>
  <datafield tag="880" ind1="0" ind2="0">
    <subfield code="6">245-01/r</subfield>
    <subfield code="a">فرهنگ عربى بفارسى :</subfield>
    <subfield code="b">ملخص از المنجد و منتهى الارب : ىا فرهنگ جىبى خلىلى /</subfield>
    <subfield code="c">گرداورنده محمد على خلىلى.</subfield>
  </datafield>
  <datafield tag="880" ind1="3" ind2=" ">
    <subfield code="6">246-02/r</subfield>
    <subfield code="a">فرهنگ جىبى خلىلى</subfield>
  </datafield>
  <datafield tag="880" ind1=" " ind2="1">
    <subfield code="6">264-03/r</subfield>
    <subfield code="a">طهران :</subfield>
    <subfield code="b">کتابفروشى و چاپخانه على اکبر عالمى،</subfield>
    <subfield code="c">[1951؟]</subfield>
  </datafield>
  <datafield tag="880" ind1="1" ind2=" ">
    <subfield code="6">700-04/r</subfield>
    <subfield code="a">خلىلى، محمد على.</subfield>
  </datafield>
  <datafield tag="955" ind1=" " ind2=" ">
    <subfield code="b">0036760030</subfield>
    <subfield code="d">glx</subfield>
    <subfield code="e">PJ6636.P4 K33</subfield>
  </datafield>
</record>
</collection>